<record><leader>00000cas a2200000 a 4500</leader><controlfield tag="001">13433355</controlfield><controlfield tag="008">860415d19191929moudr ne      0    0eng d</controlfield><datafield ind1=" " ind2=" " tag="010"><subfield code="a">sn 86063312 </subfield></datafield><datafield ind1=" " ind2=" " tag="040"><subfield code="a">KSH</subfield><subfield code="b">eng</subfield><subfield code="c">KSH</subfield><subfield code="d">NPT</subfield><subfield code="d">MQN</subfield><subfield code="d">OCL</subfield><subfield code="d">OCLCQ</subfield><subfield code="d">OCLCF</subfield><subfield code="d">OCLCO</subfield></datafield><datafield ind1="1" ind2=" " tag="029"><subfield code="a">AU@</subfield><subfield code="b">000022167877</subfield></datafield><datafield ind1=" " ind2=" " tag="042"><subfield code="a">msc</subfield></datafield><datafield ind1=" " ind2=" " tag="043"><subfield code="a">n-us-mo</subfield></datafield><datafield ind1="0" ind2="0" tag="245"><subfield code="a">Excelsior Springs daily standard.</subfield></datafield><datafield ind1="3" ind2="0" tag="246"><subfield code="a">Excelsior Springs Sunday standard</subfield></datafield><datafield ind1=" " ind2=" " tag="260"><subfield code="a">Excelsior Springs, Mo. :</subfield><subfield code="b">Fred W. Mitchell,</subfield><subfield code="c">1919-1929.</subfield></datafield><datafield ind1=" " ind2=" " tag="300"><subfield code="a">v. :</subfield><subfield code="b">ill. ;</subfield><subfield code="c">58 cm.</subfield></datafield><datafield ind1=" " ind2=" " tag="310"><subfield code="a">Daily</subfield></datafield><datafield ind1=" " ind2=" " tag="321"><subfield code="a">Daily (except Sun.)</subfield></datafield><datafield ind1="0" ind2=" " tag="362"><subfield code="a">Vol. 31, no. 117 (Nov. 10, 1919)-v. 41, no. 276 (Nov. 21, 1929).</subfield></datafield><datafield ind1=" " ind2=" " tag="500"><subfield code="a">Sunday issues published as: Excelsior Springs Sunday standard, &lt;Jan. 7, 1923&gt;-June 24, 1928.</subfield></datafield><datafield ind1=" " ind2="0" tag="651"><subfield code="a">Excelsior Springs (Mo.)</subfield><subfield code="v">Newspapers.</subfield></datafield><datafield ind1=" " ind2="7" tag="655"><subfield code="a">Newspapers.</subfield><subfield code="2">fast</subfield><subfield code="0">(OCoLC)fst01423814</subfield></datafield><datafield ind1=" " ind2="7" tag="651"><subfield code="a">Missouri</subfield><subfield code="z">Excelsior Springs.</subfield><subfield code="2">fast</subfield><subfield code="0">(OCoLC)fst01234874</subfield></datafield><datafield ind1=" " ind2=" " tag="752"><subfield code="a">United States</subfield><subfield code="b">Missouri</subfield><subfield code="c">Clay</subfield><subfield code="d">Excelsior Springs.</subfield></datafield><datafield ind1="0" ind2="0" tag="780"><subfield code="t">Excelsior Springs standard</subfield><subfield code="w">(DLC)sn 89067420</subfield></datafield><datafield ind1="0" ind2="5" tag="780"><subfield code="t">Morning news and the Northwest Missourian and the daily news-call</subfield><subfield code="w">(DLC)sn 89067371</subfield></datafield><datafield ind1="0" ind2="0" tag="785"><subfield code="t">Daily standard (Excelsior Springs, Mo.)</subfield><subfield code="w">(DLC)sn 89067463</subfield></datafield></record>